{
    "symbol": "UL",
    "annualReports": [
        {
            "fiscalDateEnding": "2022-12-31",
            "reportedCurrency": "EUR",
            "grossProfit": "24167000000",
            "totalRevenue": "60073000000",
            "costOfRevenue": "35906000000",
            "costofGoodsAndServicesSold": "35906000000",
            "operatingIncome": "10755000000",
            "sellingGeneralAndAdministrative": "13576000000",
            "researchAndDevelopment": "908000000",
            "operatingExpenses": "14440000000",
            "investmentIncomeNet": "None",
            "netInterestIncome": "-508000000",
            "interestIncome": "281000000",
            "interestExpense": "789000000",
            "nonInterestIncome": "None",
            "otherNonOperatingIncome": "None",
            "depreciation": "None",
            "depreciationAndAmortization": "1274000000",
            "incomeBeforeTax": "10337000000",
            "incomeTaxExpense": "2068000000",
            "interestAndDebtExpense": "None",
            "netIncomeFromContinuingOperations": "8269000000",
            "comprehensiveIncomeNetOfTax": "None",
            "ebit": "10755000000",
            "ebitda": "12029000000",
            "netIncome": "7642000000"
        },
        {
            "fiscalDateEnding": "2021-12-31",
            "reportedCurrency": "EUR",
            "grossProfit": "22185000000",
            "totalRevenue": "52444000000",
            "costOfRevenue": "30259000000",
            "costofGoodsAndServicesSold": "30259000000",
            "operatingIncome": "8702000000",
            "sellingGeneralAndAdministrative": "11702000000",
            "researchAndDevelopment": "847000000",
            "operatingExpenses": "12559000000",
            "investmentIncomeNet": "None",
            "netInterestIncome": "-361000000",
            "interestIncome": "147000000",
            "interestExpense": "508000000",
            "nonInterestIncome": "None",
            "otherNonOperatingIncome": "None",
            "depreciation": "None",
            "depreciationAndAmortization": "3052000000",
            "incomeBeforeTax": "8556000000",
            "incomeTaxExpense": "1935000000",
            "interestAndDebtExpense": "None",
            "netIncomeFromContinuingOperations": "6621000000",
            "comprehensiveIncomeNetOfTax": "None",
            "ebit": "8702000000",
            "ebitda": "11754000000",
            "netIncome": "6049000000"
        },
        {
            "fiscalDateEnding": "2020-12-31",
            "reportedCurrency": "USD",
            "grossProfit": "22040000000",
            "totalRevenue": "50724000000",
            "costOfRevenue": "28684000000",
            "costofGoodsAndServicesSold": "28684000000",
            "operatingIncome": "8303000000",
            "sellingGeneralAndAdministrative": "7091000000",
            "researchAndDevelopment": "800000000",
            "operatingExpenses": "12673000000",
            "investmentIncomeNet": "None",
            "netInterestIncome": "-480000000",
            "interestIncome": "232000000",
            "interestExpense": "737000000",
            "nonInterestIncome": "None",
            "otherNonOperatingIncome": "None",
            "depreciation": "None",
            "depreciationAndAmortization": "2448000000",
            "incomeBeforeTax": "7996000000",
            "incomeTaxExpense": "1923000000",
            "interestAndDebtExpense": "None",
            "netIncomeFromContinuingOperations": "6073000000",
            "comprehensiveIncomeNetOfTax": "None",
            "ebit": "8303000000",
            "ebitda": "10751000000",
            "netIncome": "5581000000"
        },
        {
            "fiscalDateEnding": "2019-12-31",
            "reportedCurrency": "USD",
            "grossProfit": "22878000000",
            "totalRevenue": "51980000000",
            "costOfRevenue": "29102000000",
            "costofGoodsAndServicesSold": "29102000000",
            "operatingIncome": "8708000000",
            "sellingGeneralAndAdministrative": "8511000000",
            "researchAndDevelopment": "840000000",
            "operatingExpenses": "14170000000",
            "investmentIncomeNet": "None",
            "netInterestIncome": "-539000000",
            "interestIncome": "424000000",
            "interestExpense": "851000000",
            "nonInterestIncome": "None",
            "otherNonOperatingIncome": "0",
            "depreciation": "None",
            "depreciationAndAmortization": "2414000000",
            "incomeBeforeTax": "8289000000",
            "incomeTaxExpense": "2263000000",
            "interestAndDebtExpense": "None",
            "netIncomeFromContinuingOperations": "6026000000",
            "comprehensiveIncomeNetOfTax": "None",
            "ebit": "8708000000",
            "ebitda": "11122000000",
            "netIncome": "5625000000"
        },
        {
            "fiscalDateEnding": "2018-12-31",
            "reportedCurrency": "USD",
            "grossProfit": "22213000000",
            "totalRevenue": "50982000000",
            "costOfRevenue": "28769000000",
            "costofGoodsAndServicesSold": "28769000000",
            "operatingIncome": "12535000000",
            "sellingGeneralAndAdministrative": "1614000000",
            "researchAndDevelopment": "900000000",
            "operatingExpenses": "9678000000",
            "investmentIncomeNet": "None",
            "netInterestIncome": "-469000000",
            "interestIncome": "408000000",
            "interestExpense": "629000000",
            "nonInterestIncome": "None",
            "otherNonOperatingIncome": "0",
            "depreciation": "None",
            "depreciationAndAmortization": "2224000000",
            "incomeBeforeTax": "12383000000",
            "incomeTaxExpense": "2575000000",
            "interestAndDebtExpense": "None",
            "netIncomeFromContinuingOperations": "9808000000",
            "comprehensiveIncomeNetOfTax": "None",
            "ebit": "12535000000",
            "ebitda": "14759000000",
            "netIncome": "9389000000"
        }
    ],
    "quarterlyReports": [
        {
            "fiscalDateEnding": "2022-12-31",
            "reportedCurrency": "USD",
            "grossProfit": "None",
            "totalRevenue": "30450000000",
            "costOfRevenue": "None",
            "costofGoodsAndServicesSold": "None",
            "operatingIncome": "6136000000",
            "sellingGeneralAndAdministrative": "None",
            "researchAndDevelopment": "None",
            "operatingExpenses": "None",
            "investmentIncomeNet": "None",
            "netInterestIncome": "None",
            "interestIncome": "180000000",
            "interestExpense": "None",
            "nonInterestIncome": "None",
            "otherNonOperatingIncome": "None",
            "depreciation": "None",
            "depreciationAndAmortization": "None",
            "incomeBeforeTax": "5978000000",
            "incomeTaxExpense": "None",
            "interestAndDebtExpense": "None",
            "netIncomeFromContinuingOperations": "None",
            "comprehensiveIncomeNetOfTax": "None",
            "ebit": "None",
            "ebitda": "None",
            "netIncome": "4737000000"
        },
        {
            "fiscalDateEnding": "2022-06-30",
            "reportedCurrency": "EUR",
            "grossProfit": "None",
            "totalRevenue": "29623000000",
            "costOfRevenue": "None",
            "costofGoodsAndServicesSold": "None",
            "operatingIncome": "4462000000",
            "sellingGeneralAndAdministrative": "None",
            "researchAndDevelopment": "None",
            "operatingExpenses": "None",
            "investmentIncomeNet": "None",
            "netInterestIncome": "None",
            "interestIncome": "125000000",
            "interestExpense": "None",
            "nonInterestIncome": "None",
            "otherNonOperatingIncome": "None",
            "depreciation": "None",
            "depreciationAndAmortization": "None",
            "incomeBeforeTax": "4359000000",
            "incomeTaxExpense": "571500000",
            "interestAndDebtExpense": "None",
            "netIncomeFromContinuingOperations": "None",
            "comprehensiveIncomeNetOfTax": "None",
            "ebit": "2529500000",
            "ebitda": "None",
            "netIncome": "2905000000"
        },
        {
            "fiscalDateEnding": "2022-03-31",
            "reportedCurrency": "EUR",
            "grossProfit": "None",
            "totalRevenue": "None",
            "costOfRevenue": "None",
            "costofGoodsAndServicesSold": "None",
            "operatingIncome": "None",
            "sellingGeneralAndAdministrative": "None",
            "researchAndDevelopment": "None",
            "operatingExpenses": "None",
            "investmentIncomeNet": "None",
            "netInterestIncome": "None",
            "interestIncome": "None",
            "interestExpense": "None",
            "nonInterestIncome": "None",
            "otherNonOperatingIncome": "None",
            "depreciation": "None",
            "depreciationAndAmortization": "None",
            "incomeBeforeTax": "None",
            "incomeTaxExpense": "571500000",
            "interestAndDebtExpense": "None",
            "netIncomeFromContinuingOperations": "None",
            "comprehensiveIncomeNetOfTax": "None",
            "ebit": "2529500000",
            "ebitda": "None",
            "netIncome": "None"
        },
        {
            "fiscalDateEnding": "2021-12-31",
            "reportedCurrency": "EUR",
            "grossProfit": "None",
            "totalRevenue": "26653000000",
            "costOfRevenue": "None",
            "costofGoodsAndServicesSold": "None",
            "operatingIncome": "4231000000",
            "sellingGeneralAndAdministrative": "None",
            "researchAndDevelopment": "None",
            "operatingExpenses": "None",
            "investmentIncomeNet": "None",
            "netInterestIncome": "None",
            "interestIncome": "39000000",
            "interestExpense": "None",
            "nonInterestIncome": "None",
            "otherNonOperatingIncome": "None",
            "depreciation": "None",
            "depreciationAndAmortization": "None",
            "incomeBeforeTax": "4187000000",
            "incomeTaxExpense": "481500000",
            "interestAndDebtExpense": "None",
            "netIncomeFromContinuingOperations": "None",
            "comprehensiveIncomeNetOfTax": "None",
            "ebit": "2394000000",
            "ebitda": "None",
            "netIncome": "2928000000"
        },
        {
            "fiscalDateEnding": "2021-09-30",
            "reportedCurrency": "EUR",
            "grossProfit": "None",
            "totalRevenue": "None",
            "costOfRevenue": "None",
            "costofGoodsAndServicesSold": "None",
            "operatingIncome": "None",
            "sellingGeneralAndAdministrative": "None",
            "researchAndDevelopment": "None",
            "operatingExpenses": "None",
            "investmentIncomeNet": "None",
            "netInterestIncome": "None",
            "interestIncome": "None",
            "interestExpense": "None",
            "nonInterestIncome": "None",
            "otherNonOperatingIncome": "None",
            "depreciation": "None",
            "depreciationAndAmortization": "None",
            "incomeBeforeTax": "None",
            "incomeTaxExpense": "481500000",
            "interestAndDebtExpense": "None",
            "netIncomeFromContinuingOperations": "None",
            "comprehensiveIncomeNetOfTax": "None",
            "ebit": "2394000000",
            "ebitda": "None",
            "netIncome": "None"
        },
        {
            "fiscalDateEnding": "2021-06-30",
            "reportedCurrency": "EUR",
            "grossProfit": "None",
            "totalRevenue": "25791000000",
            "costOfRevenue": "None",
            "costofGoodsAndServicesSold": "None",
            "operatingIncome": "4397000000",
            "sellingGeneralAndAdministrative": "None",
            "researchAndDevelopment": "None",
            "operatingExpenses": "None",
            "investmentIncomeNet": "None",
            "netInterestIncome": "None",
            "interestIncome": "23000000",
            "interestExpense": "None",
            "nonInterestIncome": "None",
            "otherNonOperatingIncome": "None",
            "depreciation": "None",
            "depreciationAndAmortization": "None",
            "incomeBeforeTax": "4369000000",
            "incomeTaxExpense": "486000000",
            "interestAndDebtExpense": "None",
            "netIncomeFromContinuingOperations": "None",
            "comprehensiveIncomeNetOfTax": "None",
            "ebit": "2424500000",
            "ebitda": "None",
            "netIncome": "3121000000"
        },
        {
            "fiscalDateEnding": "2021-03-31",
            "reportedCurrency": "EUR",
            "grossProfit": "None",
            "totalRevenue": "None",
            "costOfRevenue": "None",
            "costofGoodsAndServicesSold": "None",
            "operatingIncome": "None",
            "sellingGeneralAndAdministrative": "None",
            "researchAndDevelopment": "None",
            "operatingExpenses": "None",
            "investmentIncomeNet": "None",
            "netInterestIncome": "None",
            "interestIncome": "None",
            "interestExpense": "None",
            "nonInterestIncome": "None",
            "otherNonOperatingIncome": "None",
            "depreciation": "None",
            "depreciationAndAmortization": "None",
            "incomeBeforeTax": "None",
            "incomeTaxExpense": "486000000",
            "interestAndDebtExpense": "None",
            "netIncomeFromContinuingOperations": "None",
            "comprehensiveIncomeNetOfTax": "None",
            "ebit": "2424500000",
            "ebitda": "None",
            "netIncome": "None"
        },
        {
            "fiscalDateEnding": "2020-12-31",
            "reportedCurrency": "USD",
            "grossProfit": "12505000000",
            "totalRevenue": "12505000000",
            "costOfRevenue": "None",
            "costofGoodsAndServicesSold": "None",
            "operatingIncome": "1439500000",
            "sellingGeneralAndAdministrative": "500000",
            "researchAndDevelopment": "None",
            "operatingExpenses": "10363000000",
            "investmentIncomeNet": "None",
            "netInterestIncome": "None",
            "interestIncome": "168000000",
            "interestExpense": "175000000",
            "nonInterestIncome": "None",
            "otherNonOperatingIncome": "None",
            "depreciation": "None",
            "depreciationAndAmortization": "515500000",
            "incomeBeforeTax": "1731500000",
            "incomeTaxExpense": "466000000",
            "interestAndDebtExpense": "None",
            "netIncomeFromContinuingOperations": "None",
            "comprehensiveIncomeNetOfTax": "None",
            "ebit": "1439500000",
            "ebitda": "1955000000",
            "netIncome": "1265500000"
        },
        {
            "fiscalDateEnding": "2020-09-30",
            "reportedCurrency": "EUR",
            "grossProfit": "None",
            "totalRevenue": "None",
            "costOfRevenue": "None",
            "costofGoodsAndServicesSold": "None",
            "operatingIncome": "None",
            "sellingGeneralAndAdministrative": "None",
            "researchAndDevelopment": "None",
            "operatingExpenses": "None",
            "investmentIncomeNet": "None",
            "netInterestIncome": "None",
            "interestIncome": "None",
            "interestExpense": "None",
            "nonInterestIncome": "None",
            "otherNonOperatingIncome": "None",
            "depreciation": "None",
            "depreciationAndAmortization": "None",
            "incomeBeforeTax": "None",
            "incomeTaxExpense": "466000000",
            "interestAndDebtExpense": "None",
            "netIncomeFromContinuingOperations": "None",
            "comprehensiveIncomeNetOfTax": "None",
            "ebit": "2142000000",
            "ebitda": "None",
            "netIncome": "None"
        },
        {
            "fiscalDateEnding": "2020-06-30",
            "reportedCurrency": "USD",
            "grossProfit": "12857000000",
            "totalRevenue": "12857000000",
            "costOfRevenue": "None",
            "costofGoodsAndServicesSold": "None",
            "operatingIncome": "1948500000",
            "sellingGeneralAndAdministrative": "5000000",
            "researchAndDevelopment": "None",
            "operatingExpenses": "10320000000",
            "investmentIncomeNet": "None",
            "netInterestIncome": "None",
            "interestIncome": "150000000",
            "interestExpense": "189000000",
            "nonInterestIncome": "None",
            "otherNonOperatingIncome": "None",
            "depreciation": "None",
            "depreciationAndAmortization": "493500000",
            "incomeBeforeTax": "2266500000",
            "incomeTaxExpense": "495500000",
            "interestAndDebtExpense": "None",
            "netIncomeFromContinuingOperations": "None",
            "comprehensiveIncomeNetOfTax": "None",
            "ebit": "1948500000",
            "ebitda": "2442000000",
            "netIncome": "1771000000"
        },
        {
            "fiscalDateEnding": "2020-03-31",
            "reportedCurrency": "EUR",
            "grossProfit": "None",
            "totalRevenue": "None",
            "costOfRevenue": "None",
            "costofGoodsAndServicesSold": "None",
            "operatingIncome": "None",
            "sellingGeneralAndAdministrative": "5000000",
            "researchAndDevelopment": "None",
            "operatingExpenses": "None",
            "investmentIncomeNet": "None",
            "netInterestIncome": "None",
            "interestIncome": "None",
            "interestExpense": "None",
            "nonInterestIncome": "None",
            "otherNonOperatingIncome": "None",
            "depreciation": "None",
            "depreciationAndAmortization": "None",
            "incomeBeforeTax": "None",
            "incomeTaxExpense": "495500000",
            "interestAndDebtExpense": "None",
            "netIncomeFromContinuingOperations": "None",
            "comprehensiveIncomeNetOfTax": "None",
            "ebit": "None",
            "ebitda": "None",
            "netIncome": "None"
        },
        {
            "fiscalDateEnding": "2019-12-31",
            "reportedCurrency": "EUR",
            "grossProfit": "-7185812714.26",
            "totalRevenue": "25854000000",
            "costOfRevenue": "64384704929.51",
            "costofGoodsAndServicesSold": "64384704929.51",
            "operatingIncome": "4122000000",
            "sellingGeneralAndAdministrative": "26778656740.66",
            "researchAndDevelopment": "1858399839.88",
            "operatingExpenses": "46402474097.71",
            "investmentIncomeNet": "None",
            "netInterestIncome": "None",
            "interestIncome": "174000000",
            "interestExpense": "834067547.18",
            "nonInterestIncome": "None",
            "otherNonOperatingIncome": "0",
            "depreciation": "None",
            "depreciationAndAmortization": "None",
            "incomeBeforeTax": "3935000000",
            "incomeTaxExpense": "559000000",
            "interestAndDebtExpense": "None",
            "netIncomeFromContinuingOperations": "6232276605.99",
            "comprehensiveIncomeNetOfTax": "None",
            "ebit": "10796418117.54",
            "ebitda": "None",
            "netIncome": "2619000000"
        },
        {
            "fiscalDateEnding": "2019-09-30",
            "reportedCurrency": "EUR",
            "grossProfit": "-4974014842.69",
            "totalRevenue": "39593035635.19",
            "costOfRevenue": "44567050477.90",
            "costofGoodsAndServicesSold": "44567050477.90",
            "operatingIncome": "7473273532.13",
            "sellingGeneralAndAdministrative": "18536168613.31",
            "researchAndDevelopment": "1286383148.95",
            "operatingExpenses": "32119762103.11",
            "investmentIncomeNet": "None",
            "netInterestIncome": "None",
            "interestIncome": "None",
            "interestExpense": "577341008.52",
            "nonInterestIncome": "None",
            "otherNonOperatingIncome": "0",
            "depreciation": "None",
            "depreciationAndAmortization": "None",
            "incomeBeforeTax": "6026092489.55",
            "incomeTaxExpense": "559000000",
            "interestAndDebtExpense": "None",
            "netIncomeFromContinuingOperations": "4313977774.59",
            "comprehensiveIncomeNetOfTax": "None",
            "ebit": "7473273532.13",
            "ebitda": "None",
            "netIncome": "4010758889.48"
        },
        {
            "fiscalDateEnding": "2019-06-30",
            "reportedCurrency": "EUR",
            "grossProfit": "62916905128.76",
            "totalRevenue": "26126000000",
            "costOfRevenue": "0",
            "costofGoodsAndServicesSold": "0",
            "operatingIncome": "4618000000",
            "sellingGeneralAndAdministrative": "40939576.91",
            "researchAndDevelopment": "2022896743.01",
            "operatingExpenses": "50786749301.92",
            "investmentIncomeNet": "None",
            "netInterestIncome": "None",
            "interestIncome": "247000000",
            "interestExpense": "915119955.14",
            "nonInterestIncome": "None",
            "otherNonOperatingIncome": "0",
            "depreciation": "None",
            "depreciationAndAmortization": "None",
            "incomeBeforeTax": "4354000000",
            "incomeTaxExpense": "572500000",
            "interestAndDebtExpense": "None",
            "netIncomeFromContinuingOperations": "7727947200.46",
            "comprehensiveIncomeNetOfTax": "None",
            "ebit": "12130155826.89",
            "ebitda": "None",
            "netIncome": "3006000000"
        },
        {
            "fiscalDateEnding": "2019-03-31",
            "reportedCurrency": "EUR",
            "grossProfit": "57884974015.46",
            "totalRevenue": "57884974015.46",
            "costOfRevenue": "0",
            "costofGoodsAndServicesSold": "0",
            "operatingIncome": "11160017381.78",
            "sellingGeneralAndAdministrative": "37665335.60",
            "researchAndDevelopment": "1861110700.93",
            "operatingExpenses": "46724956633.74",
            "investmentIncomeNet": "None",
            "netInterestIncome": "None",
            "interestIncome": "None",
            "interestExpense": "841931031.37",
            "nonInterestIncome": "None",
            "otherNonOperatingIncome": "0",
            "depreciation": "None",
            "depreciationAndAmortization": "None",
            "incomeBeforeTax": "9646757133.24",
            "incomeTaxExpense": "572500000",
            "interestAndDebtExpense": "None",
            "netIncomeFromContinuingOperations": "7109885999.22",
            "comprehensiveIncomeNetOfTax": "None",
            "ebit": "11160017381.78",
            "ebitda": "None",
            "netIncome": "6660117579.83"
        },
        {
            "fiscalDateEnding": "2018-12-31",
            "reportedCurrency": "USD",
            "grossProfit": "-5406888054.90",
            "totalRevenue": "32174837591.80",
            "costOfRevenue": "37581725646.72",
            "costofGoodsAndServicesSold": "37581725646.72",
            "operatingIncome": "9945068558.12",
            "sellingGeneralAndAdministrative": "11480002953.99",
            "researchAndDevelopment": "1175694430.87",
            "operatingExpenses": "22229769033.69",
            "investmentIncomeNet": "None",
            "netInterestIncome": "None",
            "interestIncome": "None",
            "interestExpense": "463746136.64",
            "nonInterestIncome": "None",
            "otherNonOperatingIncome": "0",
            "depreciation": "None",
            "depreciationAndAmortization": "None",
            "incomeBeforeTax": "10508095557.81",
            "incomeTaxExpense": "1924219885.20",
            "interestAndDebtExpense": "None",
            "netIncomeFromContinuingOperations": "8583875672.59",
            "comprehensiveIncomeNetOfTax": "None",
            "ebit": "9945068558.12",
            "ebitda": "None",
            "netIncome": "8295177373.45"
        },
        {
            "fiscalDateEnding": "2018-09-30",
            "reportedCurrency": "USD",
            "grossProfit": "-2395809215.10",
            "totalRevenue": "14256772401.02",
            "costOfRevenue": "16652581616.12",
            "costofGoodsAndServicesSold": "16652581616.12",
            "operatingIncome": "4406691363.74",
            "sellingGeneralAndAdministrative": "5086825654.09",
            "researchAndDevelopment": "520953924.52",
            "operatingExpenses": "9850081037.28",
            "investmentIncomeNet": "None",
            "netInterestIncome": "None",
            "interestIncome": "None",
            "interestExpense": "205487381.34",
            "nonInterestIncome": "None",
            "otherNonOperatingIncome": "0",
            "depreciation": "None",
            "depreciationAndAmortization": "None",
            "incomeBeforeTax": "4656170409.82",
            "incomeTaxExpense": "852627923.13",
            "interestAndDebtExpense": "None",
            "netIncomeFromContinuingOperations": "3803542486.69",
            "comprehensiveIncomeNetOfTax": "None",
            "ebit": "4406691363.74",
            "ebitda": "None",
            "netIncome": "3675619356.33"
        },
        {
            "fiscalDateEnding": "2018-06-30",
            "reportedCurrency": "USD",
            "grossProfit": "15335195530.73",
            "totalRevenue": "15335195530.73",
            "costOfRevenue": "93065623316324",
            "costofGoodsAndServicesSold": "93065623316324",
            "operatingIncome": "2849743947.86",
            "sellingGeneralAndAdministrative": "8729050.28",
            "researchAndDevelopment": "523743016.76",
            "operatingExpenses": "12485451582.87",
            "investmentIncomeNet": "None",
            "netInterestIncome": "None",
            "interestIncome": "None",
            "interestExpense": "158286778.40",
            "nonInterestIncome": "None",
            "otherNonOperatingIncome": "None",
            "depreciation": "None",
            "depreciationAndAmortization": "None",
            "incomeBeforeTax": "2525023277.47",
            "incomeTaxExpense": "641294227.19",
            "interestAndDebtExpense": "None",
            "netIncomeFromContinuingOperations": "1883729050.28",
            "comprehensiveIncomeNetOfTax": "None",
            "ebit": "2849743947.86",
            "ebitda": "None",
            "netIncome": "1768505586.59"
        },
        {
            "fiscalDateEnding": "2018-03-31",
            "reportedCurrency": "USD",
            "grossProfit": "16208635748.56",
            "totalRevenue": "16208635748.56",
            "costOfRevenue": "0",
            "costofGoodsAndServicesSold": "0",
            "operatingIncome": "3012055603.40",
            "sellingGeneralAndAdministrative": "9226227.09",
            "researchAndDevelopment": "553573625.29",
            "operatingExpenses": "13196580145.16",
            "investmentIncomeNet": "None",
            "netInterestIncome": "None",
            "interestIncome": "None",
            "interestExpense": "167302251.20",
            "nonInterestIncome": "None",
            "otherNonOperatingIncome": "None",
            "depreciation": "None",
            "depreciationAndAmortization": "None",
            "incomeBeforeTax": "2668839955.71",
            "incomeTaxExpense": "677820150.08",
            "interestAndDebtExpense": "None",
            "netIncomeFromContinuingOperations": "1991019805.63",
            "comprehensiveIncomeNetOfTax": "None",
            "ebit": "3012055603.40",
            "ebitda": "None",
            "netIncome": "1869233608.07"
        },
        {
            "fiscalDateEnding": "2017-12-31",
            "reportedCurrency": "USD",
            "grossProfit": "30559024858.89",
            "totalRevenue": "8463712021.14",
            "costOfRevenue": "13670214963.37",
            "costofGoodsAndServicesSold": "13670214963.37",
            "operatingIncome": "2954264440.98",
            "sellingGeneralAndAdministrative": "8139786237.54",
            "researchAndDevelopment": "562793322.93",
            "operatingExpenses": "40712141227.33",
            "investmentIncomeNet": "None",
            "netInterestIncome": "None",
            "interestIncome": "None",
            "interestExpense": "151217725.47",
            "nonInterestIncome": "None",
            "otherNonOperatingIncome": "0",
            "depreciation": "None",
            "depreciationAndAmortization": "None",
            "incomeBeforeTax": "2348984027.86",
            "incomeTaxExpense": "261908250.27",
            "interestAndDebtExpense": "None",
            "netIncomeFromContinuingOperations": "5886273567.91",
            "comprehensiveIncomeNetOfTax": "None",
            "ebit": "8189023657.98",
            "ebitda": "None",
            "netIncome": "1939173772.07"
        },
        {
            "fiscalDateEnding": "2017-09-30",
            "reportedCurrency": "USD",
            "grossProfit": "39309000000",
            "totalRevenue": "7219212000",
            "costOfRevenue": "4382324000",
            "costofGoodsAndServicesSold": "4382324000",
            "operatingIncome": "-492648000",
            "sellingGeneralAndAdministrative": "6802500000",
            "researchAndDevelopment": "450000000",
            "operatingExpenses": "45325000000",
            "investmentIncomeNet": "None",
            "netInterestIncome": "None",
            "interestIncome": "None",
            "interestExpense": "302095000",
            "nonInterestIncome": "None",
            "otherNonOperatingIncome": "None",
            "depreciation": "None",
            "depreciationAndAmortization": "None",
            "incomeBeforeTax": "-528841000",
            "incomeTaxExpense": "-473931000",
            "interestAndDebtExpense": "None",
            "netIncomeFromContinuingOperations": "6560000000",
            "comprehensiveIncomeNetOfTax": "None",
            "ebit": "9257500000",
            "ebitda": "None",
            "netIncome": "-65601000"
        }
    ]
}