{
    "symbol": "AXP",
    "annualReports": [
        {
            "fiscalDateEnding": "2022-12-31",
            "reportedCurrency": "USD",
            "grossProfit": "7403000000",
            "totalRevenue": "55625000000",
            "costOfRevenue": "43277000000",
            "costofGoodsAndServicesSold": "18488000000",
            "operatingIncome": "-5684000000",
            "sellingGeneralAndAdministrative": "13036000000",
            "researchAndDevelopment": "None",
            "operatingExpenses": "13087000000",
            "investmentIncomeNet": "None",
            "netInterestIncome": "9895000000",
            "interestIncome": "12658000000",
            "interestExpense": "2763000000",
            "nonInterestIncome": "42967000000",
            "otherNonOperatingIncome": "None",
            "depreciation": "None",
            "depreciationAndAmortization": "51000000",
            "incomeBeforeTax": "9585000000",
            "incomeTaxExpense": "2071000000",
            "interestAndDebtExpense": "2763000000",
            "netIncomeFromContinuingOperations": "7514000000",
            "comprehensiveIncomeNetOfTax": "7249000000",
            "ebit": "12348000000",
            "ebitda": "12399000000",
            "netIncome": "7514000000"
        },
        {
            "fiscalDateEnding": "2021-12-31",
            "reportedCurrency": "USD",
            "grossProfit": "12108000000",
            "totalRevenue": "43663000000",
            "costOfRevenue": "31691000000",
            "costofGoodsAndServicesSold": "13458000000",
            "operatingIncome": "553000000",
            "sellingGeneralAndAdministrative": "11498000000",
            "researchAndDevelopment": "None",
            "operatingExpenses": "11555000000",
            "investmentIncomeNet": "None",
            "netInterestIncome": "7750000000",
            "interestIncome": "9033000000",
            "interestExpense": "1283000000",
            "nonInterestIncome": "34630000000",
            "otherNonOperatingIncome": "None",
            "depreciation": "None",
            "depreciationAndAmortization": "57000000",
            "incomeBeforeTax": "10689000000",
            "incomeTaxExpense": "2629000000",
            "interestAndDebtExpense": "1283000000",
            "netIncomeFromContinuingOperations": "8060000000",
            "comprehensiveIncomeNetOfTax": "8010000000",
            "ebit": "11972000000",
            "ebitda": "12029000000",
            "netIncome": "8060000000"
        },
        {
            "fiscalDateEnding": "2020-12-31",
            "reportedCurrency": "USD",
            "grossProfit": "-434000000",
            "totalRevenue": "38185000000",
            "costOfRevenue": "31791000000",
            "costofGoodsAndServicesSold": "10214000000",
            "operatingIncome": "-11782000000",
            "sellingGeneralAndAdministrative": "11294000000",
            "researchAndDevelopment": "None",
            "operatingExpenses": "11347000000",
            "investmentIncomeNet": "None",
            "netInterestIncome": "7985000000",
            "interestIncome": "10083000000",
            "interestExpense": "2098000000",
            "nonInterestIncome": "28102000000",
            "otherNonOperatingIncome": "None",
            "depreciation": "None",
            "depreciationAndAmortization": "54000000",
            "incomeBeforeTax": "4296000000",
            "incomeTaxExpense": "1161000000",
            "interestAndDebtExpense": "2098000000",
            "netIncomeFromContinuingOperations": "3135000000",
            "comprehensiveIncomeNetOfTax": "2977000000",
            "ebit": "6394000000",
            "ebitda": "6448000000",
            "netIncome": "3135000000"
        },
        {
            "fiscalDateEnding": "2019-12-31",
            "reportedCurrency": "USD",
            "grossProfit": "4856000000",
            "totalRevenue": "47020000000",
            "costOfRevenue": "35127000000",
            "costofGoodsAndServicesSold": "14220000000",
            "operatingIncome": "-7960000000",
            "sellingGeneralAndAdministrative": "11804000000",
            "researchAndDevelopment": "None",
            "operatingExpenses": "12816000000",
            "investmentIncomeNet": "None",
            "netInterestIncome": "8620000000",
            "interestIncome": "12084000000",
            "interestExpense": "3464000000",
            "nonInterestIncome": "34936000000",
            "otherNonOperatingIncome": "None",
            "depreciation": "None",
            "depreciationAndAmortization": "49000000",
            "incomeBeforeTax": "8429000000",
            "incomeTaxExpense": "1670000000",
            "interestAndDebtExpense": "3464000000",
            "netIncomeFromContinuingOperations": "6759000000",
            "comprehensiveIncomeNetOfTax": "6619000000",
            "ebit": "11893000000",
            "ebitda": "11942000000",
            "netIncome": "6759000000"
        },
        {
            "fiscalDateEnding": "2018-12-31",
            "reportedCurrency": "USD",
            "grossProfit": "5870000000",
            "totalRevenue": "43281000000",
            "costOfRevenue": "32216000000",
            "costofGoodsAndServicesSold": "12771000000",
            "operatingIncome": "-6891000000",
            "sellingGeneralAndAdministrative": "11058000000",
            "researchAndDevelopment": "None",
            "operatingExpenses": "12761000000",
            "investmentIncomeNet": "None",
            "netInterestIncome": "7663000000",
            "interestIncome": "10606000000",
            "interestExpense": "2943000000",
            "nonInterestIncome": "32675000000",
            "otherNonOperatingIncome": "None",
            "depreciation": "None",
            "depreciationAndAmortization": "212000000",
            "incomeBeforeTax": "8122000000",
            "incomeTaxExpense": "1201000000",
            "interestAndDebtExpense": "2943000000",
            "netIncomeFromContinuingOperations": "6921000000",
            "comprehensiveIncomeNetOfTax": "6752000000",
            "ebit": "11065000000",
            "ebitda": "11277000000",
            "netIncome": "6921000000"
        }
    ],
    "quarterlyReports": [
        {
            "fiscalDateEnding": "2023-03-31",
            "reportedCurrency": "USD",
            "grossProfit": "1112000000",
            "totalRevenue": "15714000000",
            "costOfRevenue": "12114000000",
            "costofGoodsAndServicesSold": "5743000000",
            "operatingIncome": "-2062000000",
            "sellingGeneralAndAdministrative": "3174000000",
            "researchAndDevelopment": "None",
            "operatingExpenses": "3174000000",
            "investmentIncomeNet": "None",
            "netInterestIncome": "2983000000",
            "interestIncome": "4416000000",
            "interestExpense": "1433000000",
            "nonInterestIncome": "11298000000",
            "otherNonOperatingIncome": "None",
            "depreciation": "None",
            "depreciationAndAmortization": "None",
            "incomeBeforeTax": "2167000000",
            "incomeTaxExpense": "351000000",
            "interestAndDebtExpense": "1433000000",
            "netIncomeFromContinuingOperations": "1816000000",
            "comprehensiveIncomeNetOfTax": "1920000000",
            "ebit": "3600000000",
            "ebitda": "None",
            "netIncome": "1816000000"
        },
        {
            "fiscalDateEnding": "2022-12-31",
            "reportedCurrency": "USD",
            "grossProfit": "844000000",
            "totalRevenue": "15383000000",
            "costOfRevenue": "12305000000",
            "costofGoodsAndServicesSold": "5388000000",
            "operatingIncome": "-2945000000",
            "sellingGeneralAndAdministrative": "3738000000",
            "researchAndDevelopment": "None",
            "operatingExpenses": "3789000000",
            "investmentIncomeNet": "None",
            "netInterestIncome": "2758000000",
            "interestIncome": "3965000000",
            "interestExpense": "1207000000",
            "nonInterestIncome": "11418000000",
            "otherNonOperatingIncome": "None",
            "depreciation": "None",
            "depreciationAndAmortization": "418000000",
            "incomeBeforeTax": "1871000000",
            "incomeTaxExpense": "299000000",
            "interestAndDebtExpense": "1207000000",
            "netIncomeFromContinuingOperations": "1572000000",
            "comprehensiveIncomeNetOfTax": "1739000000",
            "ebit": "3078000000",
            "ebitda": "3078000000",
            "netIncome": "1572000000"
        },
        {
            "fiscalDateEnding": "2022-09-30",
            "reportedCurrency": "USD",
            "grossProfit": "1681000000",
            "totalRevenue": "14352000000",
            "costOfRevenue": "11097000000",
            "costofGoodsAndServicesSold": "4785000000",
            "operatingIncome": "-1471000000",
            "sellingGeneralAndAdministrative": "3152000000",
            "researchAndDevelopment": "None",
            "operatingExpenses": "3152000000",
            "investmentIncomeNet": "None",
            "netInterestIncome": "2578000000",
            "interestIncome": "3374000000",
            "interestExpense": "796000000",
            "nonInterestIncome": "10978000000",
            "otherNonOperatingIncome": "None",
            "depreciation": "None",
            "depreciationAndAmortization": "413000000",
            "incomeBeforeTax": "2459000000",
            "incomeTaxExpense": "580000000",
            "interestAndDebtExpense": "796000000",
            "netIncomeFromContinuingOperations": "1879000000",
            "comprehensiveIncomeNetOfTax": "1645000000",
            "ebit": "3255000000",
            "ebitda": "3668000000",
            "netIncome": "1879000000"
        },
        {
            "fiscalDateEnding": "2022-06-30",
            "reportedCurrency": "USD",
            "grossProfit": "2133000000",
            "totalRevenue": "13834000000",
            "costOfRevenue": "10852000000",
            "costofGoodsAndServicesSold": "4456000000",
            "operatingIncome": "-1274000000",
            "sellingGeneralAndAdministrative": "3407000000",
            "researchAndDevelopment": "None",
            "operatingExpenses": "3407000000",
            "investmentIncomeNet": "None",
            "netInterestIncome": "2360000000",
            "interestIncome": "2799000000",
            "interestExpense": "439000000",
            "nonInterestIncome": "11035000000",
            "otherNonOperatingIncome": "None",
            "depreciation": "None",
            "depreciationAndAmortization": "397000000",
            "incomeBeforeTax": "2543000000",
            "incomeTaxExpense": "579000000",
            "interestAndDebtExpense": "439000000",
            "netIncomeFromContinuingOperations": "1964000000",
            "comprehensiveIncomeNetOfTax": "1794000000",
            "ebit": "2982000000",
            "ebitda": "3379000000",
            "netIncome": "1964000000"
        },
        {
            "fiscalDateEnding": "2022-03-31",
            "reportedCurrency": "USD",
            "grossProfit": "2745000000",
            "totalRevenue": "12056000000",
            "costOfRevenue": "9023000000",
            "costofGoodsAndServicesSold": "3859000000",
            "operatingIncome": "6000000",
            "sellingGeneralAndAdministrative": "2739000000",
            "researchAndDevelopment": "None",
            "operatingExpenses": "2739000000",
            "investmentIncomeNet": "None",
            "netInterestIncome": "2199000000",
            "interestIncome": "2520000000",
            "interestExpense": "321000000",
            "nonInterestIncome": "9536000000",
            "otherNonOperatingIncome": "None",
            "depreciation": "None",
            "depreciationAndAmortization": "398000000",
            "incomeBeforeTax": "2712000000",
            "incomeTaxExpense": "613000000",
            "interestAndDebtExpense": "321000000",
            "netIncomeFromContinuingOperations": "2099000000",
            "comprehensiveIncomeNetOfTax": "2071000000",
            "ebit": "3033000000",
            "ebitda": "3431000000",
            "netIncome": "2099000000"
        },
        {
            "fiscalDateEnding": "2021-12-31",
            "reportedCurrency": "USD",
            "grossProfit": "2253000000",
            "totalRevenue": "12437000000",
            "costOfRevenue": "9839000000",
            "costofGoodsAndServicesSold": "3799000000",
            "operatingIncome": "-1611000000",
            "sellingGeneralAndAdministrative": "3807000000",
            "researchAndDevelopment": "None",
            "operatingExpenses": "3864000000",
            "investmentIncomeNet": "None",
            "netInterestIncome": "2108000000",
            "interestIncome": "2400000000",
            "interestExpense": "292000000",
            "nonInterestIncome": "10037000000",
            "otherNonOperatingIncome": "None",
            "depreciation": "None",
            "depreciationAndAmortization": "419000000",
            "incomeBeforeTax": "2306000000",
            "incomeTaxExpense": "587000000",
            "interestAndDebtExpense": "292000000",
            "netIncomeFromContinuingOperations": "1719000000",
            "comprehensiveIncomeNetOfTax": "1737000000",
            "ebit": "2598000000",
            "ebitda": "3017000000",
            "netIncome": "1719000000"
        },
        {
            "fiscalDateEnding": "2021-09-30",
            "reportedCurrency": "USD",
            "grossProfit": "2641000000",
            "totalRevenue": "11235000000",
            "costOfRevenue": "8478000000",
            "costofGoodsAndServicesSold": "3708000000",
            "operatingIncome": "-204000000",
            "sellingGeneralAndAdministrative": "2845000000",
            "researchAndDevelopment": "None",
            "operatingExpenses": "2845000000",
            "investmentIncomeNet": "None",
            "netInterestIncome": "1994000000",
            "interestIncome": "2301000000",
            "interestExpense": "307000000",
            "nonInterestIncome": "8934000000",
            "otherNonOperatingIncome": "None",
            "depreciation": "None",
            "depreciationAndAmortization": "442000000",
            "incomeBeforeTax": "2450000000",
            "incomeTaxExpense": "624000000",
            "interestAndDebtExpense": "307000000",
            "netIncomeFromContinuingOperations": "1826000000",
            "comprehensiveIncomeNetOfTax": "1744000000",
            "ebit": "2757000000",
            "ebitda": "3199000000",
            "netIncome": "1826000000"
        },
        {
            "fiscalDateEnding": "2021-06-30",
            "reportedCurrency": "USD",
            "grossProfit": "3546000000",
            "totalRevenue": "10565000000",
            "costOfRevenue": "7303000000",
            "costofGoodsAndServicesSold": "3257000000",
            "operatingIncome": "869000000",
            "sellingGeneralAndAdministrative": "2677000000",
            "researchAndDevelopment": "None",
            "operatingExpenses": "2677000000",
            "investmentIncomeNet": "None",
            "netInterestIncome": "1818000000",
            "interestIncome": "2140000000",
            "interestExpense": "322000000",
            "nonInterestIncome": "8425000000",
            "otherNonOperatingIncome": "None",
            "depreciation": "None",
            "depreciationAndAmortization": "412000000",
            "incomeBeforeTax": "2940000000",
            "incomeTaxExpense": "660000000",
            "interestAndDebtExpense": "322000000",
            "netIncomeFromContinuingOperations": "2280000000",
            "comprehensiveIncomeNetOfTax": "2297000000",
            "ebit": "3262000000",
            "ebitda": "3674000000",
            "netIncome": "2280000000"
        },
        {
            "fiscalDateEnding": "2021-03-31",
            "reportedCurrency": "USD",
            "grossProfit": "3668000000",
            "totalRevenue": "9426000000",
            "costOfRevenue": "6071000000",
            "costofGoodsAndServicesSold": "2694000000",
            "operatingIncome": "1499000000",
            "sellingGeneralAndAdministrative": "2169000000",
            "researchAndDevelopment": "None",
            "operatingExpenses": "2169000000",
            "investmentIncomeNet": "None",
            "netInterestIncome": "1830000000",
            "interestIncome": "2192000000",
            "interestExpense": "362000000",
            "nonInterestIncome": "7234000000",
            "otherNonOperatingIncome": "None",
            "depreciation": "None",
            "depreciationAndAmortization": "422000000",
            "incomeBeforeTax": "2993000000",
            "incomeTaxExpense": "758000000",
            "interestAndDebtExpense": "362000000",
            "netIncomeFromContinuingOperations": "2235000000",
            "comprehensiveIncomeNetOfTax": "2232000000",
            "ebit": "3355000000",
            "ebitda": "3777000000",
            "netIncome": "2235000000"
        },
        {
            "fiscalDateEnding": "2020-12-31",
            "reportedCurrency": "USD",
            "grossProfit": "1969000000",
            "totalRevenue": "9741000000",
            "costOfRevenue": "7493000000",
            "costofGoodsAndServicesSold": "2758000000",
            "operatingIncome": "-465000000",
            "sellingGeneralAndAdministrative": "3449000000",
            "researchAndDevelopment": "None",
            "operatingExpenses": "2433000000",
            "investmentIncomeNet": "None",
            "netInterestIncome": "1897000000",
            "interestIncome": "2287000000",
            "interestExpense": "390000000",
            "nonInterestIncome": "7454000000",
            "otherNonOperatingIncome": "None",
            "depreciation": "None",
            "depreciationAndAmortization": "428000000",
            "incomeBeforeTax": "1858000000",
            "incomeTaxExpense": "420000000",
            "interestAndDebtExpense": "390000000",
            "netIncomeFromContinuingOperations": "1858000000",
            "comprehensiveIncomeNetOfTax": "1415000000",
            "ebit": "2248000000",
            "ebitda": "2676000000",
            "netIncome": "1438000000"
        },
        {
            "fiscalDateEnding": "2020-09-30",
            "reportedCurrency": "USD",
            "grossProfit": "699000000",
            "totalRevenue": "9201000000",
            "costOfRevenue": "7387000000",
            "costofGoodsAndServicesSold": "2465000000",
            "operatingIncome": "-2238000000",
            "sellingGeneralAndAdministrative": "2820000000",
            "researchAndDevelopment": "None",
            "operatingExpenses": "2937000000",
            "investmentIncomeNet": "None",
            "netInterestIncome": "1874000000",
            "interestIncome": "2324000000",
            "interestExpense": "450000000",
            "nonInterestIncome": "6877000000",
            "otherNonOperatingIncome": "None",
            "depreciation": "None",
            "depreciationAndAmortization": "404000000",
            "incomeBeforeTax": "1364000000",
            "incomeTaxExpense": "291000000",
            "interestAndDebtExpense": "450000000",
            "netIncomeFromContinuingOperations": "1073000000",
            "comprehensiveIncomeNetOfTax": "1112000000",
            "ebit": "1814000000",
            "ebitda": "2218000000",
            "netIncome": "1073000000"
        },
        {
            "fiscalDateEnding": "2020-06-30",
            "reportedCurrency": "USD",
            "grossProfit": "-933000000",
            "totalRevenue": "8217000000",
            "costOfRevenue": "7053000000",
            "costofGoodsAndServicesSold": "1817000000",
            "operatingIncome": "-3620000000",
            "sellingGeneralAndAdministrative": "2332000000",
            "researchAndDevelopment": "None",
            "operatingExpenses": "2687000000",
            "investmentIncomeNet": "None",
            "netInterestIncome": "1884000000",
            "interestIncome": "2426000000",
            "interestExpense": "542000000",
            "nonInterestIncome": "5791000000",
            "otherNonOperatingIncome": "None",
            "depreciation": "None",
            "depreciationAndAmortization": "374000000",
            "incomeBeforeTax": "622000000",
            "incomeTaxExpense": "365000000",
            "interestAndDebtExpense": "542000000",
            "netIncomeFromContinuingOperations": "257000000",
            "comprehensiveIncomeNetOfTax": "342000000",
            "ebit": "1164000000",
            "ebitda": "1538000000",
            "netIncome": "257000000"
        },
        {
            "fiscalDateEnding": "2020-03-31",
            "reportedCurrency": "USD",
            "grossProfit": "-2169000000",
            "totalRevenue": "11026000000",
            "costOfRevenue": "9858000000",
            "costofGoodsAndServicesSold": "3174000000",
            "operatingIncome": "-5459000000",
            "sellingGeneralAndAdministrative": "2693000000",
            "researchAndDevelopment": "None",
            "operatingExpenses": "3290000000",
            "investmentIncomeNet": "None",
            "netInterestIncome": "2330000000",
            "interestIncome": "3046000000",
            "interestExpense": "716000000",
            "nonInterestIncome": "7980000000",
            "otherNonOperatingIncome": "None",
            "depreciation": "None",
            "depreciationAndAmortization": "337000000",
            "incomeBeforeTax": "452000000",
            "incomeTaxExpense": "85000000",
            "interestAndDebtExpense": "716000000",
            "netIncomeFromContinuingOperations": "367000000",
            "comprehensiveIncomeNetOfTax": "108000000",
            "ebit": "1168000000",
            "ebitda": "1505000000",
            "netIncome": "367000000"
        },
        {
            "fiscalDateEnding": "2019-12-31",
            "reportedCurrency": "USD",
            "grossProfit": "962000000",
            "totalRevenue": "12166000000",
            "costOfRevenue": "9379000000",
            "costofGoodsAndServicesSold": "3626000000",
            "operatingIncome": "-2909000000",
            "sellingGeneralAndAdministrative": "3574000000",
            "researchAndDevelopment": "None",
            "operatingExpenses": "3871000000",
            "investmentIncomeNet": "None",
            "netInterestIncome": "2284000000",
            "interestIncome": "3085000000",
            "interestExpense": "801000000",
            "nonInterestIncome": "9081000000",
            "otherNonOperatingIncome": "None",
            "depreciation": "None",
            "depreciationAndAmortization": "305000000",
            "incomeBeforeTax": "1986000000",
            "incomeTaxExpense": "293000000",
            "interestAndDebtExpense": "801000000",
            "netIncomeFromContinuingOperations": "1986000000",
            "comprehensiveIncomeNetOfTax": "1617000000",
            "ebit": "2787000000",
            "ebitda": "3092000000",
            "netIncome": "1693000000"
        },
        {
            "fiscalDateEnding": "2019-09-30",
            "reportedCurrency": "USD",
            "grossProfit": "1387000000",
            "totalRevenue": "11866000000",
            "costOfRevenue": "8723000000",
            "costofGoodsAndServicesSold": "3573000000",
            "operatingIncome": "-1704000000",
            "sellingGeneralAndAdministrative": "2853000000",
            "researchAndDevelopment": "None",
            "operatingExpenses": "3091000000",
            "investmentIncomeNet": "None",
            "netInterestIncome": "2203000000",
            "interestIncome": "3080000000",
            "interestExpense": "877000000",
            "nonInterestIncome": "8786000000",
            "otherNonOperatingIncome": "None",
            "depreciation": "None",
            "depreciationAndAmortization": "300000000",
            "incomeBeforeTax": "2266000000",
            "incomeTaxExpense": "511000000",
            "interestAndDebtExpense": "877000000",
            "netIncomeFromContinuingOperations": "1755000000",
            "comprehensiveIncomeNetOfTax": "1700000000",
            "ebit": "3143000000",
            "ebitda": "3443000000",
            "netIncome": "1755000000"
        },
        {
            "fiscalDateEnding": "2019-06-30",
            "reportedCurrency": "USD",
            "grossProfit": "1358000000",
            "totalRevenue": "11729000000",
            "costOfRevenue": "8619000000",
            "costofGoodsAndServicesSold": "3621000000",
            "operatingIncome": "-1668000000",
            "sellingGeneralAndAdministrative": "2802000000",
            "researchAndDevelopment": "None",
            "operatingExpenses": "3026000000",
            "investmentIncomeNet": "None",
            "netInterestIncome": "2074000000",
            "interestIncome": "2965000000",
            "interestExpense": "891000000",
            "nonInterestIncome": "8764000000",
            "otherNonOperatingIncome": "None",
            "depreciation": "None",
            "depreciationAndAmortization": "286000000",
            "incomeBeforeTax": "2219000000",
            "incomeTaxExpense": "458000000",
            "interestAndDebtExpense": "891000000",
            "netIncomeFromContinuingOperations": "1761000000",
            "comprehensiveIncomeNetOfTax": "1754000000",
            "ebit": "3110000000",
            "ebitda": "3396000000",
            "netIncome": "1761000000"
        },
        {
            "fiscalDateEnding": "2019-03-31",
            "reportedCurrency": "USD",
            "grossProfit": "1149000000",
            "totalRevenue": "11259000000",
            "costOfRevenue": "8406000000",
            "costofGoodsAndServicesSold": "3001000000",
            "operatingIncome": "-1679000000",
            "sellingGeneralAndAdministrative": "2575000000",
            "researchAndDevelopment": "None",
            "operatingExpenses": "2828000000",
            "investmentIncomeNet": "None",
            "netInterestIncome": "2059000000",
            "interestIncome": "2954000000",
            "interestExpense": "895000000",
            "nonInterestIncome": "8305000000",
            "otherNonOperatingIncome": "None",
            "depreciation": "None",
            "depreciationAndAmortization": "297000000",
            "incomeBeforeTax": "1958000000",
            "incomeTaxExpense": "408000000",
            "interestAndDebtExpense": "895000000",
            "netIncomeFromContinuingOperations": "1550000000",
            "comprehensiveIncomeNetOfTax": "1548000000",
            "ebit": "2853000000",
            "ebitda": "3150000000",
            "netIncome": "1550000000"
        },
        {
            "fiscalDateEnding": "2018-12-31",
            "reportedCurrency": "USD",
            "grossProfit": "1124000000",
            "totalRevenue": "11308000000",
            "costOfRevenue": "8643000000",
            "costofGoodsAndServicesSold": "3011000000",
            "operatingIncome": "617000000",
            "sellingGeneralAndAdministrative": "-495000000",
            "researchAndDevelopment": "None",
            "operatingExpenses": "507000000",
            "investmentIncomeNet": "None",
            "netInterestIncome": "2032000000",
            "interestIncome": "2866000000",
            "interestExpense": "834000000",
            "nonInterestIncome": "8442000000",
            "otherNonOperatingIncome": "None",
            "depreciation": "None",
            "depreciationAndAmortization": "286000000",
            "incomeBeforeTax": "1831000000",
            "incomeTaxExpense": "-179000000",
            "interestAndDebtExpense": "834000000",
            "netIncomeFromContinuingOperations": "1831000000",
            "comprehensiveIncomeNetOfTax": "1917000000",
            "ebit": "2665000000",
            "ebitda": "2951000000",
            "netIncome": "2010000000"
        },
        {
            "fiscalDateEnding": "2018-09-30",
            "reportedCurrency": "USD",
            "grossProfit": "1573000000",
            "totalRevenue": "10921000000",
            "costOfRevenue": "8026000000",
            "costofGoodsAndServicesSold": "2857000000",
            "operatingIncome": "-2611000000",
            "sellingGeneralAndAdministrative": "3970000000",
            "researchAndDevelopment": "None",
            "operatingExpenses": "4184000000",
            "investmentIncomeNet": "None",
            "netInterestIncome": "1961000000",
            "interestIncome": "2738000000",
            "interestExpense": "777000000",
            "nonInterestIncome": "8183000000",
            "otherNonOperatingIncome": "None",
            "depreciation": "None",
            "depreciationAndAmortization": "322000000",
            "incomeBeforeTax": "2118000000",
            "incomeTaxExpense": "464000000",
            "interestAndDebtExpense": "777000000",
            "netIncomeFromContinuingOperations": "1654000000",
            "comprehensiveIncomeNetOfTax": "1633000000",
            "ebit": "2895000000",
            "ebitda": "3217000000",
            "netIncome": "1654000000"
        },
        {
            "fiscalDateEnding": "2018-06-30",
            "reportedCurrency": "USD",
            "grossProfit": "1568000000",
            "totalRevenue": "10713000000",
            "costOfRevenue": "7911000000",
            "costofGoodsAndServicesSold": "2849000000",
            "operatingIncome": "-2612000000",
            "sellingGeneralAndAdministrative": "3935000000",
            "researchAndDevelopment": "None",
            "operatingExpenses": "4180000000",
            "investmentIncomeNet": "None",
            "netInterestIncome": "1829000000",
            "interestIncome": "2540000000",
            "interestExpense": "711000000",
            "nonInterestIncome": "8173000000",
            "otherNonOperatingIncome": "None",
            "depreciation": "None",
            "depreciationAndAmortization": "337000000",
            "incomeBeforeTax": "2091000000",
            "incomeTaxExpense": "468000000",
            "interestAndDebtExpense": "711000000",
            "netIncomeFromContinuingOperations": "1623000000",
            "comprehensiveIncomeNetOfTax": "1521000000",
            "ebit": "2802000000",
            "ebitda": "3139000000",
            "netIncome": "1623000000"
        }
    ]
}